@article{kingman1978representation,
  title={The representation of partition structures},
  author={Kingman, John FC},
  journal={Journal of the London Mathematical Society},
  volume={2},
  number={2},
  pages={374--380},
  year={1978},
  publisher={Wiley Online Library}
}

@article{pitman1996some,
  title={Some developments of the Blackwell-MacQueen urn scheme},
  author={Pitman, Jim},
  journal={Lecture Notes-Monograph Series},
  pages={245--267},
  year={1996},
  publisher={JSTOR}
}

@article{gnedin2006exchangeable,
  title={Exchangeable Gibbs partitions and Stirling triangles},
  author={Gnedin, Alexander and Pitman, Jim},
  journal={Journal of Mathematical sciences},
  volume={138},
  number={3},
  pages={5674--5685},
  year={2006},
  publisher={Springer}
}

@article{lijoi2007bayesian,
  title={Bayesian nonparametric estimation of the probability of discovering new species},
  author={Lijoi, Antonio and Mena, Rams{\'e}s H and Pr{\"u}nster, Igor},
  journal={Biometrika},
  volume={94},
  number={4},
  pages={769--786},
  year={2007},
  publisher={Oxford University Press}
}
